%YAML 1.1
%TAG !u! tag:unity3d.com,2011:
--- !u!1 &2525655281227590759
GameObject:
  m_ObjectHideFlags: 0
  m_CorrespondingSourceObject: {fileID: 0}
  m_PrefabInstance: {fileID: 0}
  m_PrefabAsset: {fileID: 0}
  serializedVersion: 6
  m_Component:
  - component: {fileID: 5699042389267702063}
  - component: {fileID: 5575256613920790454}
  - component: {fileID: 4491777608507605604}
  - component: {fileID: 4020084842056914818}
  - component: {fileID: 1883983739339514506}
  m_Layer: 0
  m_Name: 4
  m_TagString: Untagged
  m_Icon: {fileID: 0}
  m_NavMeshLayer: 0
  m_StaticEditorFlags: 0
  m_IsActive: 1
--- !u!224 &5699042389267702063
RectTransform:
  m_ObjectHideFlags: 0
  m_CorrespondingSourceObject: {fileID: 0}
  m_PrefabInstance: {fileID: 0}
  m_PrefabAsset: {fileID: 0}
  m_GameObject: {fileID: 2525655281227590759}
  m_LocalRotation: {x: -0, y: -0, z: -0, w: 1}
  m_LocalPosition: {x: 0, y: 0, z: 0}
  m_LocalScale: {x: 1, y: 1, z: 1}
  m_Children:
  - {fileID: 8290809392111813421}
  m_Father: {fileID: 0}
  m_RootOrder: 0
  m_LocalEulerAnglesHint: {x: 0, y: 0, z: 0}
  m_AnchorMin: {x: 0, y: 0}
  m_AnchorMax: {x: 0, y: 0}
  m_AnchoredPosition: {x: -0.08898926, y: 0.067993164}
  m_SizeDelta: {x: 1.2848, y: 1.2805}
  m_Pivot: {x: 0.5, y: 0.5}
--- !u!223 &5575256613920790454
Canvas:
  m_ObjectHideFlags: 0
  m_CorrespondingSourceObject: {fileID: 0}
  m_PrefabInstance: {fileID: 0}
  m_PrefabAsset: {fileID: 0}
  m_GameObject: {fileID: 2525655281227590759}
  m_Enabled: 1
  serializedVersion: 3
  m_RenderMode: 2
  m_Camera: {fileID: 0}
  m_PlaneDistance: 100
  m_PixelPerfect: 0
  m_ReceivesEvents: 1
  m_OverrideSorting: 0
  m_OverridePixelPerfect: 0
  m_SortingBucketNormalizedSize: 0
  m_AdditionalShaderChannelsFlag: 0
  m_SortingLayerID: -1553984499
  m_SortingOrder: 5
  m_TargetDisplay: 0
--- !u!114 &4491777608507605604
MonoBehaviour:
  m_ObjectHideFlags: 0
  m_CorrespondingSourceObject: {fileID: 0}
  m_PrefabInstance: {fileID: 0}
  m_PrefabAsset: {fileID: 0}
  m_GameObject: {fileID: 2525655281227590759}
  m_Enabled: 1
  m_EditorHideFlags: 0
  m_Script: {fileID: 11500000, guid: 0cd44c1031e13a943bb63640046fad76, type: 3}
  m_Name: 
  m_EditorClassIdentifier: 
  m_UiScaleMode: 0
  m_ReferencePixelsPerUnit: 100
  m_ScaleFactor: 1
  m_ReferenceResolution: {x: 800, y: 600}
  m_ScreenMatchMode: 0
  m_MatchWidthOrHeight: 0
  m_PhysicalUnit: 3
  m_FallbackScreenDPI: 96
  m_DefaultSpriteDPI: 96
  m_DynamicPixelsPerUnit: 1
  m_PresetInfoIsWorld: 1
--- !u!114 &4020084842056914818
MonoBehaviour:
  m_ObjectHideFlags: 0
  m_CorrespondingSourceObject: {fileID: 0}
  m_PrefabInstance: {fileID: 0}
  m_PrefabAsset: {fileID: 0}
  m_GameObject: {fileID: 2525655281227590759}
  m_Enabled: 1
  m_EditorHideFlags: 0
  m_Script: {fileID: 11500000, guid: dc42784cf147c0c48a680349fa168899, type: 3}
  m_Name: 
  m_EditorClassIdentifier: 
  m_IgnoreReversedGraphics: 1
  m_BlockingObjects: 0
  m_BlockingMask:
    serializedVersion: 2
    m_Bits: 4294967295
--- !u!225 &1883983739339514506
CanvasGroup:
  m_ObjectHideFlags: 0
  m_CorrespondingSourceObject: {fileID: 0}
  m_PrefabInstance: {fileID: 0}
  m_PrefabAsset: {fileID: 0}
  m_GameObject: {fileID: 2525655281227590759}
  m_Enabled: 1
  m_Alpha: 0.79
  m_Interactable: 1
  m_BlocksRaycasts: 1
  m_IgnoreParentGroups: 0
--- !u!1 &6738309081511053337
GameObject:
  m_ObjectHideFlags: 0
  m_CorrespondingSourceObject: {fileID: 0}
  m_PrefabInstance: {fileID: 0}
  m_PrefabAsset: {fileID: 0}
  serializedVersion: 6
  m_Component:
  - component: {fileID: 8290809392111813421}
  - component: {fileID: 6277209889629577647}
  - component: {fileID: 5428174863107685532}
  m_Layer: 0
  m_Name: New SkeletonGraphic
  m_TagString: Untagged
  m_Icon: {fileID: 0}
  m_NavMeshLayer: 0
  m_StaticEditorFlags: 0
  m_IsActive: 1
--- !u!224 &8290809392111813421
RectTransform:
  m_ObjectHideFlags: 0
  m_CorrespondingSourceObject: {fileID: 0}
  m_PrefabInstance: {fileID: 0}
  m_PrefabAsset: {fileID: 0}
  m_GameObject: {fileID: 6738309081511053337}
  m_LocalRotation: {x: -0, y: -0, z: -0, w: 1}
  m_LocalPosition: {x: 0, y: 0, z: 0}
  m_LocalScale: {x: 0.011, y: 0.011, z: 1}
  m_Children: []
  m_Father: {fileID: 5699042389267702063}
  m_RootOrder: 0
  m_LocalEulerAnglesHint: {x: 0, y: 0, z: 0}
  m_AnchorMin: {x: 0.5, y: 0.5}
  m_AnchorMax: {x: 0.5, y: 0.5}
  m_AnchoredPosition: {x: 0.087, y: -0.119}
  m_SizeDelta: {x: 1.2848, y: 1.2805}
  m_Pivot: {x: 0.5, y: 0.5}
--- !u!222 &6277209889629577647
CanvasRenderer:
  m_ObjectHideFlags: 0
  m_CorrespondingSourceObject: {fileID: 0}
  m_PrefabInstance: {fileID: 0}
  m_PrefabAsset: {fileID: 0}
  m_GameObject: {fileID: 6738309081511053337}
  m_CullTransparentMesh: 0
--- !u!114 &5428174863107685532
MonoBehaviour:
  m_ObjectHideFlags: 0
  m_CorrespondingSourceObject: {fileID: 0}
  m_PrefabInstance: {fileID: 0}
  m_PrefabAsset: {fileID: 0}
  m_GameObject: {fileID: 6738309081511053337}
  m_Enabled: 1
  m_EditorHideFlags: 0
  m_Script: {fileID: 11500000, guid: d85b887af7e6c3f45a2e2d2920d641bc, type: 3}
  m_Name: 
  m_EditorClassIdentifier: 
  m_Material: {fileID: 2100000, guid: b66cf7a186d13054989b33a5c90044e4, type: 2}
  m_Color: {r: 1, g: 1, b: 1, a: 1}
  m_RaycastTarget: 1
  m_RaycastPadding: {x: 0, y: 0, z: 0, w: 0}
  m_Maskable: 1
  m_OnCullStateChanged:
    m_PersistentCalls:
      m_Calls: []
  skeletonDataAsset: {fileID: 11400000, guid: 69d0cf4621143554a90bdd4b009c8992, type: 2}
  additiveMaterial: {fileID: 2100000, guid: 2e8245019faeb8c43b75f9ca3ac8ee34, type: 2}
  multiplyMaterial: {fileID: 2100000, guid: e74a1f8978a7da348a721508d0d58834, type: 2}
  screenMaterial: {fileID: 2100000, guid: bab24c479f34eec45be6ea8595891569, type: 2}
  initialSkinName: 4
  initialFlipX: 0
  initialFlipY: 0
  startingAnimation: speak
  startingLoop: 1
  timeScale: 1
  freeze: 0
  updateWhenInvisible: 3
  allowMultipleCanvasRenderers: 0
  canvasRenderers: []
  separatorSlotNames: []
  enableSeparatorSlots: 0
  separatorParts: []
  updateSeparatorPartLocation: 1
  disableMeshAssignmentOnOverride: 1
  meshGenerator:
    settings:
      useClipping: 1
      zSpacing: 0
      pmaVertexColors: 1
      tintBlack: 0
      canvasGroupTintBlack: 0
      calculateTangents: 0
      addNormals: 0
      immutableTriangles: 0
  updateTiming: 1
  unscaledTime: 0
