%YAML 1.1
%TAG !u! tag:unity3d.com,2011:
--- !u!1 &1006167172818549382
GameObject:
  m_ObjectHideFlags: 0
  m_CorrespondingSourceObject: {fileID: 0}
  m_PrefabInstance: {fileID: 0}
  m_PrefabAsset: {fileID: 0}
  serializedVersion: 6
  m_Component:
  - component: {fileID: 2376644701299431418}
  - component: {fileID: 212134515536958360}
  - component: {fileID: 114661640728858584}
  - component: {fileID: 61786838976125886}
  - component: {fileID: 50660518721890266}
  - component: {fileID: 95008267248166376}
  m_Layer: 0
  m_Name: Tile
  m_TagString: Untagged
  m_Icon: {fileID: 0}
  m_NavMeshLayer: 0
  m_StaticEditorFlags: 0
  m_IsActive: 1
--- !u!4 &2376644701299431418
Transform:
  m_ObjectHideFlags: 0
  m_CorrespondingSourceObject: {fileID: 0}
  m_PrefabInstance: {fileID: 0}
  m_PrefabAsset: {fileID: 0}
  m_GameObject: {fileID: 1006167172818549382}
  m_LocalRotation: {x: 0, y: 0, z: 0, w: 1}
  m_LocalPosition: {x: 0.5787, y: 0.4243, z: 0}
  m_LocalScale: {x: 0.7596128, y: 0.7596128, z: 0.7596128}
  m_Children:
  - {fileID: 8866097904885982984}
  m_Father: {fileID: 0}
  m_RootOrder: 0
  m_LocalEulerAnglesHint: {x: 0, y: 0, z: 0}
--- !u!212 &212134515536958360
SpriteRenderer:
  m_ObjectHideFlags: 0
  m_CorrespondingSourceObject: {fileID: 0}
  m_PrefabInstance: {fileID: 0}
  m_PrefabAsset: {fileID: 0}
  m_GameObject: {fileID: 1006167172818549382}
  m_Enabled: 1
  m_CastShadows: 0
  m_ReceiveShadows: 0
  m_DynamicOccludee: 1
  m_StaticShadowCaster: 0
  m_MotionVectors: 1
  m_LightProbeUsage: 1
  m_ReflectionProbeUsage: 1
  m_RayTracingMode: 0
  m_RayTraceProcedural: 0
  m_RenderingLayerMask: 1
  m_RendererPriority: 0
  m_Materials:
  - {fileID: 10754, guid: 0000000000000000f000000000000000, type: 0}
  m_StaticBatchInfo:
    firstSubMesh: 0
    subMeshCount: 0
  m_StaticBatchRoot: {fileID: 0}
  m_ProbeAnchor: {fileID: 0}
  m_LightProbeVolumeOverride: {fileID: 0}
  m_ScaleInLightmap: 1
  m_ReceiveGI: 1
  m_PreserveUVs: 0
  m_IgnoreNormalsForChartDetection: 0
  m_ImportantGI: 0
  m_StitchLightmapSeams: 0
  m_SelectedEditorRenderState: 0
  m_MinimumChartSize: 4
  m_AutoUVMaxDistance: 0.5
  m_AutoUVMaxAngle: 89
  m_LightmapParameters: {fileID: 0}
  m_SortingLayerID: 0
  m_SortingLayer: 0
  m_SortingOrder: 0
  m_Sprite: {fileID: 21300000, guid: 17c2c75f9d6f6c7449077273cbcda372, type: 3}
  m_Color: {r: 1, g: 1, b: 1, a: 1}
  m_FlipX: 0
  m_FlipY: 0
  m_DrawMode: 0
  m_Size: {x: 2.56, y: 2.56}
  m_AdaptiveModeThreshold: 0.5
  m_SpriteTileMode: 0
  m_WasSpriteAssigned: 1
  m_MaskInteraction: 0
  m_SpriteSortPoint: 0
--- !u!114 &114661640728858584
MonoBehaviour:
  m_ObjectHideFlags: 0
  m_CorrespondingSourceObject: {fileID: 0}
  m_PrefabInstance: {fileID: 0}
  m_PrefabAsset: {fileID: 0}
  m_GameObject: {fileID: 1006167172818549382}
  m_Enabled: 1
  m_EditorHideFlags: 0
  m_Script: {fileID: 11500000, guid: 158d8e5cac2aebc48895814ac0e592d1, type: 3}
  m_Name: 
  m_EditorClassIdentifier: 
  _effect: {fileID: 4232854138129118355, guid: b0f2c37c17955d648b71919d861ad43d, type: 3}
  _go: {fileID: 0}
--- !u!61 &61786838976125886
BoxCollider2D:
  m_ObjectHideFlags: 0
  m_CorrespondingSourceObject: {fileID: 0}
  m_PrefabInstance: {fileID: 0}
  m_PrefabAsset: {fileID: 0}
  m_GameObject: {fileID: 1006167172818549382}
  m_Enabled: 1
  m_Density: 1
  m_Material: {fileID: 0}
  m_IsTrigger: 1
  m_UsedByEffector: 0
  m_UsedByComposite: 0
  m_Offset: {x: -0.10282099, y: 0.09857488}
  m_SpriteTilingProperty:
    border: {x: 0, y: 0, z: 0, w: 0}
    pivot: {x: 0.5, y: 0.5}
    oldSize: {x: 1.52, y: 1.52}
    newSize: {x: 2.56, y: 2.56}
    adaptiveTilingThreshold: 0.5
    drawMode: 0
    adaptiveTiling: 0
  m_AutoTiling: 0
  serializedVersion: 2
  m_Size: {x: 1.2003422, y: 1.212862}
  m_EdgeRadius: 0
--- !u!50 &50660518721890266
Rigidbody2D:
  serializedVersion: 4
  m_ObjectHideFlags: 0
  m_CorrespondingSourceObject: {fileID: 0}
  m_PrefabInstance: {fileID: 0}
  m_PrefabAsset: {fileID: 0}
  m_GameObject: {fileID: 1006167172818549382}
  m_BodyType: 1
  m_Simulated: 1
  m_UseFullKinematicContacts: 0
  m_UseAutoMass: 0
  m_Mass: 1
  m_LinearDrag: 0
  m_AngularDrag: 0.05
  m_GravityScale: 1
  m_Material: {fileID: 0}
  m_Interpolate: 0
  m_SleepingMode: 1
  m_CollisionDetection: 0
  m_Constraints: 0
--- !u!95 &95008267248166376
Animator:
  serializedVersion: 3
  m_ObjectHideFlags: 0
  m_CorrespondingSourceObject: {fileID: 0}
  m_PrefabInstance: {fileID: 0}
  m_PrefabAsset: {fileID: 0}
  m_GameObject: {fileID: 1006167172818549382}
  m_Enabled: 1
  m_Avatar: {fileID: 0}
  m_Controller: {fileID: 0}
  m_CullingMode: 0
  m_UpdateMode: 0
  m_ApplyRootMotion: 0
  m_LinearVelocityBlending: 0
  m_WarningMessage: 
  m_HasTransformHierarchy: 1
  m_AllowConstantClipSamplingOptimization: 1
  m_KeepAnimatorControllerStateOnDisable: 0
--- !u!1001 &3755339952651601447
PrefabInstance:
  m_ObjectHideFlags: 0
  serializedVersion: 2
  m_Modification:
    m_TransformParent: {fileID: 2376644701299431418}
    m_Modifications:
    - target: {fileID: 2525655281227590759, guid: bedf88ca915b7134eb2a66febf2510ab,
        type: 3}
      propertyPath: m_Name
      value: 1
      objectReference: {fileID: 0}
    - target: {fileID: 2525655281227590759, guid: bedf88ca915b7134eb2a66febf2510ab,
        type: 3}
      propertyPath: m_IsActive
      value: 0
      objectReference: {fileID: 0}
    - target: {fileID: 5428174863107685532, guid: bedf88ca915b7134eb2a66febf2510ab,
        type: 3}
      propertyPath: initialSkinName
      value: 1
      objectReference: {fileID: 0}
    - target: {fileID: 5428174863107685532, guid: bedf88ca915b7134eb2a66febf2510ab,
        type: 3}
      propertyPath: skeletonDataAsset
      value: 
      objectReference: {fileID: 11400000, guid: 06a24f56efb97b1408ab1e6eb3657900,
        type: 2}
    - target: {fileID: 5699042389267702063, guid: bedf88ca915b7134eb2a66febf2510ab,
        type: 3}
      propertyPath: m_Pivot.x
      value: 0.5
      objectReference: {fileID: 0}
    - target: {fileID: 5699042389267702063, guid: bedf88ca915b7134eb2a66febf2510ab,
        type: 3}
      propertyPath: m_Pivot.y
      value: 0.5
      objectReference: {fileID: 0}
    - target: {fileID: 5699042389267702063, guid: bedf88ca915b7134eb2a66febf2510ab,
        type: 3}
      propertyPath: m_RootOrder
      value: 0
      objectReference: {fileID: 0}
    - target: {fileID: 5699042389267702063, guid: bedf88ca915b7134eb2a66febf2510ab,
        type: 3}
      propertyPath: m_AnchorMax.x
      value: 0
      objectReference: {fileID: 0}
    - target: {fileID: 5699042389267702063, guid: bedf88ca915b7134eb2a66febf2510ab,
        type: 3}
      propertyPath: m_AnchorMax.y
      value: 0
      objectReference: {fileID: 0}
    - target: {fileID: 5699042389267702063, guid: bedf88ca915b7134eb2a66febf2510ab,
        type: 3}
      propertyPath: m_AnchorMin.x
      value: 0
      objectReference: {fileID: 0}
    - target: {fileID: 5699042389267702063, guid: bedf88ca915b7134eb2a66febf2510ab,
        type: 3}
      propertyPath: m_AnchorMin.y
      value: 0
      objectReference: {fileID: 0}
    - target: {fileID: 5699042389267702063, guid: bedf88ca915b7134eb2a66febf2510ab,
        type: 3}
      propertyPath: m_SizeDelta.x
      value: 1.2848
      objectReference: {fileID: 0}
    - target: {fileID: 5699042389267702063, guid: bedf88ca915b7134eb2a66febf2510ab,
        type: 3}
      propertyPath: m_SizeDelta.y
      value: 1.2805
      objectReference: {fileID: 0}
    - target: {fileID: 5699042389267702063, guid: bedf88ca915b7134eb2a66febf2510ab,
        type: 3}
      propertyPath: m_LocalPosition.x
      value: 0
      objectReference: {fileID: 0}
    - target: {fileID: 5699042389267702063, guid: bedf88ca915b7134eb2a66febf2510ab,
        type: 3}
      propertyPath: m_LocalPosition.y
      value: 0
      objectReference: {fileID: 0}
    - target: {fileID: 5699042389267702063, guid: bedf88ca915b7134eb2a66febf2510ab,
        type: 3}
      propertyPath: m_LocalPosition.z
      value: 0
      objectReference: {fileID: 0}
    - target: {fileID: 5699042389267702063, guid: bedf88ca915b7134eb2a66febf2510ab,
        type: 3}
      propertyPath: m_LocalRotation.w
      value: 1
      objectReference: {fileID: 0}
    - target: {fileID: 5699042389267702063, guid: bedf88ca915b7134eb2a66febf2510ab,
        type: 3}
      propertyPath: m_LocalRotation.x
      value: -0
      objectReference: {fileID: 0}
    - target: {fileID: 5699042389267702063, guid: bedf88ca915b7134eb2a66febf2510ab,
        type: 3}
      propertyPath: m_LocalRotation.y
      value: -0
      objectReference: {fileID: 0}
    - target: {fileID: 5699042389267702063, guid: bedf88ca915b7134eb2a66febf2510ab,
        type: 3}
      propertyPath: m_LocalRotation.z
      value: -0
      objectReference: {fileID: 0}
    - target: {fileID: 5699042389267702063, guid: bedf88ca915b7134eb2a66febf2510ab,
        type: 3}
      propertyPath: m_AnchoredPosition.x
      value: -0.089
      objectReference: {fileID: 0}
    - target: {fileID: 5699042389267702063, guid: bedf88ca915b7134eb2a66febf2510ab,
        type: 3}
      propertyPath: m_AnchoredPosition.y
      value: 0.068
      objectReference: {fileID: 0}
    - target: {fileID: 5699042389267702063, guid: bedf88ca915b7134eb2a66febf2510ab,
        type: 3}
      propertyPath: m_LocalEulerAnglesHint.x
      value: 0
      objectReference: {fileID: 0}
    - target: {fileID: 5699042389267702063, guid: bedf88ca915b7134eb2a66febf2510ab,
        type: 3}
      propertyPath: m_LocalEulerAnglesHint.y
      value: 0
      objectReference: {fileID: 0}
    - target: {fileID: 5699042389267702063, guid: bedf88ca915b7134eb2a66febf2510ab,
        type: 3}
      propertyPath: m_LocalEulerAnglesHint.z
      value: 0
      objectReference: {fileID: 0}
    m_RemovedComponents: []
  m_SourcePrefab: {fileID: 100100000, guid: bedf88ca915b7134eb2a66febf2510ab, type: 3}
--- !u!224 &8866097904885982984 stripped
RectTransform:
  m_CorrespondingSourceObject: {fileID: 5699042389267702063, guid: bedf88ca915b7134eb2a66febf2510ab,
    type: 3}
  m_PrefabInstance: {fileID: 3755339952651601447}
  m_PrefabAsset: {fileID: 0}
